0123-345          01WPC       John Doe                  466364Payroll     230915                                        
1342-342  3244654 530000003000John Doe                        R435564           453-543 45656733Remitter        00000010
1342-342  3244654 530000003000John Doe                        R435564           453-543 45656733Remitter        00000010
1342-342  3244654 530000003000John Doe                        R435564           453-543 45656733Remitter        00000010
1342-342  3244654 530000003000John Doe                        R435564           453-543 45656733Remitter        00000010
1342-342  3244654 530000003000John Doe                        R435564           453-543 45656733Remitter        00000010
1342-342  3244654 530000005000John Doe                        R435564           453-543 45656733Remitter        00000075
1342-342  3244654 530000005000John Doe                        R435564           453-543 45656733Remitter        00000075
1342-342  3244654 530000005000John Doe                        R435564           453-543 45656733Remitter        00000075
1342-342  3244654 530000005000John Doe                        R435564           453-543 45656733Remitter        00000075
1342-342  3244654 530000005000John Doe                        R435564           453-543 45656733Remitter        00000075
7999-999            000004000000000400000000000000                        000010                                        